@inproceedings{liu2021swin,
  title={Swin transformer: Hierarchical vision transformer using shifted windows},
  author={Liu, Ze and Lin, Yutong and Cao, Yue and Hu, Han and Wei, Yixuan and Zhang, Zheng and Lin, Stephen and Guo, Baining},
  booktitle={Proceedings of the IEEE/CVF International Conference on Computer Vision},
  pages={10012--10022},
  year={2021}
}

@article{hazafa2022evaluation,
  title={Evaluation and optimization of nanosuspensions of Chrysanthemum coronarium and Azadirachta indica using Response Surface Methodology for pest management},
  author={Hazafa, Abu and Jahan, Nazish and Zia, Muhammad Anjum and Rahman, Khalil-Ur and Sagheer, Muhammad and Naeem, Muhammad},
  journal={Chemosphere},
  volume={292},
  pages={133411},
  year={2022},
  publisher={Elsevier}
}

@article{li2022image,
  title={Image Classification of Pests with Residual Neural Network Based on Transfer Learning},
  author={Li, Chen and Zhen, Tong and Li, Zhihui},
  journal={Applied Sciences},
  volume={12},
  number={9},
  pages={4356},
  year={2022},
  publisher={MDPI}
}

@inproceedings{khan2022deep,
  title={Deep Transfer Learning Inspired Automatic Insect Pest Recognition},
  author={Khan, Mohammad Kamran and Ullah, Muhammad Obaid},
  booktitle={Proceedings of the 3rd International Conference on Computational Sciences and Technologies; Mehran University of Engineering and Technology, Jamshoro, Pakistan},
  pages={17--19},
  year={2022}
}

@article{peng2022cnn,
  title={CNN and transformer framework for insect pest classification},
  author={Peng, Yingshu and Wang, Yi},
  journal={Ecological Informatics},
  volume={72},
  pages={101846},
  year={2022},
  publisher={Elsevier}
}

@article{yang2021automated,
  title={Automated garden-insect recognition using improved lightweight convolution network},
  author={Yang, Zhankui and Yang, Xinting and Li, Ming and Li, Wenyong},
  journal={Information Processing in Agriculture},
  year={2021},
  publisher={Elsevier}
}

@inproceedings{zhou2020efficient,
  title={Efficient Convolutional Neural Network for Pest Recognition-ExquisiteNet},
  author={Zhou, Shi-Yao and Su, Chung-Yen},
  booktitle={2020 IEEE Eurasia Conference on IOT, Communication and Engineering (ECICE)},
  pages={216--219},
  year={2020},
  organization={IEEE}
}

@article{xie2015automatic,
  title={Automatic classification for field crop insects via multiple-task sparse representation and multiple-kernel learning},
  author={Xie, Chengjun and Zhang, Jie and Li, Rui and Li, Jinyan and Hong, Peilin and Xia, Junfeng and Chen, Peng},
  journal={Computers and Electronics in Agriculture},
  volume={119},
  pages={123--132},
  year={2015},
  publisher={Elsevier}
}

@article{nanni2022high,
  title={High performing ensemble of convolutional neural networks for insect pest image detection},
  author={Nanni, Loris and Manf{\`e}, Alessandro and Maguolo, Gianluca and Lumini, Alessandra and Brahnam, Sheryl},
  journal={Ecological Informatics},
  volume={67},
  pages={101515},
  year={2022},
  publisher={Elsevier}
}

@article{dawei2019recognition,
  title={Recognition pest by image-based transfer learning},
  author={Dawei, Wang and Limiao, Deng and Jiangong, Ni and Jiyue, Gao and Hongfei, Zhu and Zhongzhi, Han},
  journal={Journal of the Science of Food and Agriculture},
  volume={99},
  number={10},
  pages={4524--4531},
  year={2019},
  publisher={Wiley Online Library}
}

@article{thenmozhi2019crop,
  title={Crop pest classification based on deep convolutional neural network and transfer learning},
  author={Thenmozhi, K and Reddy, U Srinivasulu},
  journal={Computers and Electronics in Agriculture},
  volume={164},
  pages={104906},
  year={2019},
  publisher={Elsevier}
}

@article{deng2018uav,
  title={UAV-based multispectral remote sensing for precision agriculture: A comparison between different cameras},
  author={Deng, Lei and Mao, Zhihui and Li, Xiaojuan and Hu, Zhuowei and Duan, Fuzhou and Yan, Yanan},
  journal={ISPRS journal of photogrammetry and remote sensing},
  volume={146},
  pages={124--136},
  year={2018},
  publisher={Elsevier}
}

@inproceedings{hamilton2022unsupervised,
	title={Unsupervised Semantic Segmentation by Distilling Feature Correspondences},
	author={Mark Hamilton and Zhoutong Zhang and Bharath Hariharan and Noah Snavely and William T. Freeman},
	booktitle={International Conference on Learning Representations},
	year={2022},
	url={https://openreview.net/forum?id=SaKO6z6Hl0c}
}

@article{ung2021efficient,
  title={An efficient insect pest classification using multiple convolutional neural network based models},
  author={Ung, Hieu T and Ung, Huy Q and Nguyen, Binh T},
  journal={arXiv preprint arXiv:2107.12189},
  year={2021}
}

@inproceedings{zhang2021multi,
  title={Multi-branch and multi-scale attention learning for fine-grained visual categorization},
  author={Zhang, Fan and Li, Meng and Zhai, Guisheng and Liu, Yizhao},
  booktitle={International Conference on Multimedia Modeling},
  pages={136--147},
  year={2021},
  organization={Springer}
}

@inproceedings{wang2017residual,
  title={Residual attention network for image classification},
  author={Wang, Fei and Jiang, Mengqing and Qian, Chen and Yang, Shuo and Li, Cheng and Zhang, Honggang and Wang, Xiaogang and Tang, Xiaoou},
  booktitle={Proceedings of the IEEE conference on computer vision and pattern recognition},
  pages={3156--3164},
  year={2017}
}

@article{he2015deep,
  title={Deep residual learning},
  author={He, Kaiming and Zhang, Xiangyu and Ren, Shaoqing and Sun, Jian},
  journal={Image Recognition},
  volume={7},
  year={2015},
  publisher={arXiv preprint arXiv:1512.03385}
}

@inproceedings{tan2021efficientnetv2,
  title={Efficientnetv2: Smaller models and faster training},
  author={Tan, Mingxing and Le, Quoc},
  booktitle={International Conference on Machine Learning},
  pages={10096--10106},
  year={2021},
  organization={PMLR}
}

@article{ayan2020crop,
  title={Crop pest classification with a genetic algorithm-based weighted ensemble of deep convolutional neural networks},
  author={Ayan, Enes and Erbay, Hasan and Var{\c{c}}{\i}n, Fatih},
  journal={Computers and Electronics in Agriculture},
  volume={179},
  pages={105809},
  year={2020},
  publisher={Elsevier}
}

@article{nanni2020insect,
  title={Insect pest image detection and recognition based on bio-inspired methods},
  author={Nanni, Loris and Maguolo, Gianluca and Pancino, Fabio},
  journal={Ecological Informatics},
  volume={57},
  pages={101089},
  year={2020},
  publisher={Elsevier}
}

@article{liu2016localization,
  title={Localization and classification of paddy field pests using a saliency map and deep convolutional neural network},
  author={Liu, Ziyi and Gao, Junfeng and Yang, Guoguo and Zhang, Huan and He, Yong},
  journal={Scientific reports},
  volume={6},
  number={1},
  pages={1--12},
  year={2016},
  publisher={Nature Publishing Group}
}

@article{ren2019feature,
  title={Feature reuse residual networks for insect pest recognition},
  author={Ren, Fuji and Liu, Wenjie and Wu, Guoqing},
  journal={IEEE access},
  volume={7},
  pages={122758--122768},
  year={2019},
  publisher={IEEE}
}

@article{wang2017crop,
  title={A crop pests image classification algorithm based on deep convolutional neural network},
  author={Wang, RuJing and Zhang, Jie and Dong, Wei and Yu, Jian and Xie, ChengJun and Li, Rui and Chen, TianJiao and Chen, HongBo},
  journal={TELKOMNIKA (Telecommunication Computing Electronics and Control)},
  volume={15},
  number={3},
  pages={1239--1246},
  year={2017}
}

@article{kandalkar2014classification,
  title={Classification of agricultural pests using dwt and back propagation neural networks},
  author={Kandalkar, Gaurav and Deorankar, AV and Chatur, PN},
  journal={International Journal of Computer Science and Information Technologies},
  volume={5},
  number={3},
  pages={4034--4037},
  year={2014}
}

@article{xia2018insect,
  title={Insect detection and classification based on an improved convolutional neural network},
  author={Xia, Denan and Chen, Peng and Wang, Bing and Zhang, Jun and Xie, Chengjun},
  journal={Sensors},
  volume={18},
  number={12},
  pages={4169},
  year={2018},
  publisher={MDPI}
}

@article{reyes2015fine,
  title={Fine-tuning Deep Convolutional Networks for Plant Recognition.},
  author={Reyes, Angie K and Caicedo, Juan C and Camargo, Jorge E},
  journal={CLEF (Working Notes)},
  volume={1391},
  pages={467--475},
  year={2015}
}

@inproceedings{he2016deep,
  title={Deep residual learning for image recognition},
  author={He, Kaiming and Zhang, Xiangyu and Ren, Shaoqing and Sun, Jian},
  booktitle={Proceedings of the IEEE conference on computer vision and pattern recognition},
  pages={770--778},
  year={2016}
}

@inproceedings{huang2017densely,
  title={Densely connected convolutional networks},
  author={Huang, Gao and Liu, Zhuang and Van Der Maaten, Laurens and Weinberger, Kilian Q},
  booktitle={Proceedings of the IEEE conference on computer vision and pattern recognition},
  pages={4700--4708},
  year={2017}
}

@article{dyrmann2016plant,
  title={Plant species classification using deep convolutional neural network},
  author={Dyrmann, Mads and Karstoft, Henrik and Midtiby, Henrik Skov},
  journal={Biosystems engineering},
  volume={151},
  pages={72--80},
  year={2016},
  publisher={Elsevier}
}

@inproceedings{zhang2018deep,
  title={Deep learning of path-based tree classifiers for large-scale plant species identification},
  author={Zhang, Haixi and He, Guiqing and Peng, Jinye and Kuang, Zhenzhong and Fan, Jianping},
  booktitle={2018 IEEE Conference on Multimedia Information Processing and Retrieval (MIPR)},
  pages={25--30},
  year={2018},
  organization={IEEE}
}

@article{chen2017counting,
  title={Counting apples and oranges with deep learning: A data-driven approach},
  author={Chen, Steven W and Shivakumar, Shreyas S and Dcunha, Sandeep and Das, Jnaneshwar and Okon, Edidiong and Qu, Chao and Taylor, Camillo J and Kumar, Vijay},
  journal={IEEE Robotics and Automation Letters},
  volume={2},
  number={2},
  pages={781--788},
  year={2017},
  publisher={IEEE}
}

@article{ji20183d,
  title={3D convolutional neural networks for crop classification with multi-temporal remote sensing images},
  author={Ji, Shunping and Zhang, Chi and Xu, Anjian and Shi, Yun and Duan, Yulin},
  journal={Remote Sensing},
  volume={10},
  number={1},
  pages={75},
  year={2018},
  publisher={MDPI}
}

@article{mohanty2016using,
  title={Using deep learning for image-based plant disease detection},
  author={Mohanty, Sharada P and Hughes, David P and Salath{\'e}, Marcel},
  journal={Frontiers in plant science},
  volume={7},
  pages={1419},
  year={2016},
  publisher={Frontiers Media SA}
}

@article{lin2019fourier,
  title={Fourier dense network to conduct plant classification using UAV-based optical images},
  author={Lin, Chih-Wei and Ding, Qilu and Tu, Wei-Hao and Huang, Jia-Hang and Liu, Jin-Fu},
  journal={IEEE Access},
  volume={7},
  pages={17736--17749},
  year={2019},
  publisher={IEEE}
}

@article{krizhevsky2017imagenet,
  title={Imagenet classification with deep convolutional neural networks},
  author={Krizhevsky, Alex and Sutskever, Ilya and Hinton, Geoffrey E},
  journal={Communications of the ACM},
  volume={60},
  number={6},
  pages={84--90},
  year={2017},
  publisher={AcM New York, NY, USA}
}

@inproceedings{wu2019ip102,
  title={Ip102: A large-scale benchmark dataset for insect pest recognition},
  author={Wu, Xiaoping and Zhan, Chi and Lai, Yu-Kun and Cheng, Ming-Ming and Yang, Jufeng},
  booktitle={Proceedings of the IEEE/CVF conference on computer vision and pattern recognition},
  pages={8787--8796},
  year={2019}
}

@article{14_kamilaris2018deep,
  title={Deep learning in agriculture: A survey},
  author={Kamilaris, Andreas and Prenafeta-Bold{\'u}, Francesc X},
  journal={Computers and electronics in agriculture},
  volume={147},
  pages={70--90},
  year={2018},
  publisher={Elsevier}
}

@article{15_saleem2019plant,
  title={Plant disease detection and classification by deep learning},
  author={Saleem, Muhammad Hammad and Potgieter, Johan and Arif, Khalid Mahmood},
  journal={Plants},
  volume={8},
  number={11},
  pages={468},
  year={2019},
  publisher={MDPI}
}

@article{16_liakos2018machine,
  title={Machine learning in agriculture: A review},
  author={Liakos, Konstantinos G and Busato, Patrizia and Moshou, Dimitrios and Pearson, Simon and Bochtis, Dionysis},
  journal={Sensors},
  volume={18},
  number={8},
  pages={2674},
  year={2018},
  publisher={MDPI}
}

@inproceedings{mohammed2018using,
  title={Using stacking ensemble for microarray-based cancer classification},
  author={Mohammed, Mohanad and Mwambi, Henry and Omolo, Bernard and Elbashir, Murtada Khalafallah},
  booktitle={2018 International Conference on Computer, Control, Electrical, and Electronics Engineering (ICCCEEE)},
  pages={1--8},
  year={2018},
  organization={IEEE}
}

@article{17_barbedo2018factors,
  title={Factors influencing the use of deep learning for plant disease recognition},
  author={Barbedo, Jayme GA},
  journal={Biosystems engineering},
  volume={172},
  pages={84--91},
  year={2018},
  publisher={Elsevier}
}

@article{lumini2019deep,
  title={Deep learning and transfer learning features for plankton classification},
  author={Lumini, Alessandra and Nanni, Loris},
  journal={Ecological informatics},
  volume={51},
  pages={33--43},
  year={2019},
  publisher={Elsevier}
}

@article{ullah2022efficient,
  title={An Efficient Approach for Crops Pests Recognition and Classification Based on Novel DeepPestNet Deep Learning Model},
  author={Ullah, Naeem and Khan, Javed Ali and Alharbi, Lubna Abdulaziz and Raza, Asaf and Khan, Wahab and Ahmad, Ijaz},
  journal={IEEE Access},
  volume={10},
  pages={73019--73032},
  year={2022},
  publisher={IEEE}
}

@article{bollis2022weakly,
  title={Weakly supervised attention-based models using activation maps for citrus mite and insect pest classification},
  author={Bollis, Edson and Maia, Helena and Pedrini, Helio and Avila, Sandra},
  journal={Computers and Electronics in Agriculture},
  volume={195},
  pages={106839},
  year={2022},
  publisher={Elsevier}
}

@article{bollis2022weakly,
  title={Weakly supervised attention-based models using activation maps for citrus mite and insect pest classification},
  author={Bollis, Edson and Maia, Helena and Pedrini, Helio and Avila, Sandra},
  journal={Computers and Electronics in Agriculture},
  volume={195},
  pages={106839},
  year={2022},
  publisher={Elsevier}
}

@incollection{sujaritha2023pest,
  title={Pest Detection Using Improvised YOLO Architecture},
  author={Sujaritha, M and Kavitha, M and Roobini, S},
  booktitle={Computer Vision and Machine Intelligence Paradigms for SDGs},
  pages={59--67},
  year={2023},
  publisher={Springer}
}

@article{alzubaidi2021review,
  title={Review of deep learning: Concepts, CNN architectures, challenges, applications, future directions},
  author={Alzubaidi, Laith and Zhang, Jinglan and Humaidi, Amjad J and Al-Dujaili, Ayad and Duan, Ye and Al-Shamma, Omran and Santamar{\'\i}a, Jos{\'e} and Fadhel, Mohammed A and Al-Amidie, Muthana and Farhan, Laith},
  journal={Journal of big Data},
  volume={8},
  pages={1--74},
  year={2021},
  publisher={Springer}
}

@article{feng2012boosting,
  title={Boosting and margin theory},
  author={Feng, Jufu and Wang, Liwei and Sugiyama, Masashi and Yang, Cheng and Zhou, Zhi-Hua and Zhang, Chicheng},
  journal={Frontiers of Electrical and Electronic Engineering},
  volume={7},
  pages={127--133},
  year={2012},
  publisher={Springer}
}

@article{lecun1998gradient,
  title={Gradient-based learning applied to document recognition},
  author={LeCun, Yann and Bottou, L{\'e}on and Bengio, Yoshua and Haffner, Patrick},
  journal={Proceedings of the IEEE},
  volume={86},
  number={11},
  pages={2278--2324},
  year={1998},
  publisher={Ieee}
}

@inproceedings{woo2018cbam,
  title={Cbam: Convolutional block attention module},
  author={Woo, Sanghyun and Park, Jongchan and Lee, Joon-Young and Kweon, In So},
  booktitle={Proceedings of the European conference on computer vision (ECCV)},
  pages={3--19},
  year={2018}
}

@inproceedings{redmon2016you,
  title={You only look once: Unified, real-time object detection},
  author={Redmon, Joseph and Divvala, Santosh and Girshick, Ross and Farhadi, Ali},
  booktitle={Proceedings of the IEEE conference on computer vision and pattern recognition},
  pages={779--788},
  year={2016}
}

@book{mason2001mechanics,
  title={Mechanics of robotic manipulation},
  author={Mason, Matthew T},
  year={2001},
  publisher={MIT press}
}

@inproceedings{caron2021emerging,
  title={Emerging properties in self-supervised vision transformers},
  author={Caron, Mathilde and Touvron, Hugo and Misra, Ishan and J{\'e}gou, Herv{\'e} and Mairal, Julien and Bojanowski, Piotr and Joulin, Armand},
  booktitle={Proceedings of the IEEE/CVF international conference on computer vision},
  pages={9650--9660},
  year={2021}
}

@article{santa2021ensemble,
  title={An ensemble approach for multi-stage transfer learning models for COVID-19 detection from chest CT scans},
  author={Santa Cruz, Jose Francisco Hern{\'a}ndez},
  journal={Intelligence-Based Medicine},
  volume={5},
  pages={100027},
  year={2021},
  publisher={Elsevier}
}

@article{anwar2023exploring,
  title={Exploring Deep Ensemble Model for Insect and Pest Detection from Images},
  author={Anwar, Zeba and Masood, Sarfaraz},
  journal={Procedia Computer Science},
  volume={218},
  pages={2328--2337},
  year={2023},
  publisher={Elsevier}
}